%report{wiese-ying:Bl_Cl_A,
%	author = {Wiese, Uwe-Jens and Ying, Heping},
%	title = {Blockspin Cluster Algorithms for Quantum Spin Systems},
%	institution = {\foreignlanguage{german}Institut f\"ur Theoretische Physiks, Universit\"at Bern},
%	location = {CH-3012 Bern, Switzerland},
%	year = {2008},
%	month = {2},
%	url = {http://arxiv.org/abs/hep-lat/9204015v1},
%	hyphenation = {english}
%}

%report{wiese-ying:low_pa,
%	author = {Wiese, Uwe-Jens and Ying, Heping},
%	title = {A Determination of the Low Energy Parameters of the 2-D Heisenberg Antiferromagnet},
%	institution = {},
%	location = {},
%	year = {1992},
%	month = {12},
%	url = {http://arxiv.org/abs/cond-mat/9212006v1},
%	hyphenation = {english}
%}

@online{barlow:syst_err,
	author = {Barlow, Roger},
	title = {Systematic Errors: Facts and Fictions},
	institution = {University of Manchester},
	location = {Manchester, England},
	year = {2002},
	month = {7},
	eprinttype = {arXiv},
	eprintclass = {hep-ex},
	eprint = {hep-ex/0207026},
	hyphenation = {english}
}

@book{Cowan,
	author = {Cowan, Glen},
	publisher = {Clarendon Press},
	title = {Statistical Data Analysis},
	year = {1998},
	month = {3},
	hyphenation = {english}
}

“Statistical data analysis” G. Cowan; Oxford University Press. 
%	url = {http://arxiv.org/abs/hep-ex/0207026},
%	journaltitle = {},
%	volume = {},
%	issue = {},
%	pages = {},
%	doi = {10.1103/PhysRevB.43.3562},
%	publisher = {},

@book{Bernoulli,
	author = {Bernoulli, Jakob},
	title = {Ars Conjectandi},
	year = {1713},
	hyphenation = {latin}
}
%	editor = {Bonetti, Ennio and Bottani, Carlo Enrico and Cicacci, Franco},
%	publisher = {Casa Editrice Ambrosiana},

%article{makivic-ding:spin_corr,
%	author = {Makivi\'c, Miloje S. and Ding, Hong-Qiang},
%	title = {Spin Correlations of 2D Quantum Antiferromagnet at Low Temperatures and a Direct Comparison with Neutron-Scattering Experiments},
%	institution = {Concurrent Computation Program and Physics Department, California Institute of Technology},
%	location = {Pasadena, California 91125},
%	year = {1990},
%	month = {3},
%	journaltitle = {Physical Review Letters},
%	volume = {64},
%	number = {12},
%	url = {http://prl.aps.org/abstract/PRL/v64/i12/p1449_1},
%	hyphenation = {english}
%}

%report{HN,
%	author = {Hasenfratz, Peter and Niedermayer, Ferenc},
%	title = {Finite size and temperature effects in the AF Heisenberg model},
%	institution = {Institute for Theoretical Physics, University of Bern},
%	location = {Sidlerstrasse 5, CH-3012 Bern, Switzerland},
%	month = {2},
%	number = {BUTP-92/46},
%	year = {2008},
%	url = {http://arxiv.org/abs/hep-lat/9212022},
%	hyphenation = {english}
%}

%thesis{beard:improve,
%	author = {Beard, Bernard B.},
%	title = {Improvements in Cluster Algorithms for Quantum Spin Systems},
%	type =  {PhD},
%	institution = {Massachusetts Institute of Technology},
%	month = {8},
%	year = {1996},
%	hyphenation = {english}
%}

%online{wolfram,
%	author = {Germundsson, Roger and Weisstein, Eric W.},
%	title = {\acs{xor}},
%	organization = {MathWorld --- A Wolfram Web Resource},
%	year = {},
%	url = {http://mathworld.wolfram.com/XOR.html}
%}

%book{kittel,
%	author = {Kittel, Charles},
%	title = {Introduzione alla Fisica dello Stato Solido},
%	year = {2008},
%	editor = {Bonetti, Ennio and Bottani, Carlo Enrico and Cicacci, Franco},
%	publisher = {Casa Editrice Ambrosiana},
%	hyphenation = {italian}
%}
